@article{matrixCalculusYouNeed,
  author    = {Terence Parr and Jeremy Howard},
  title     = {The Matrix Calculus You Need For Deep Learning},
  year      = {2018},
  url       = {http://arxiv.org/abs/1802.01528},
  archivePrefix = {arXiv},
  eprint    = {1802.01528},
}

@article{pascanuDifficulty,
  author    = {Razvan Pascanu, Tomas Mikolov, Yoshua Bengio},
  title     = {On The Difficulty of Training Recurrent Neural Networks},
  year      = {2013},
  url       = {http://arxiv.org/abs/1211.5063},
  archivePrefix = {arXiv},
  eprint    = {1211.5063},
}
@online{writtenMemories,
  author = {},
  title = {Written Memories: Understanding, Deriving and Extending the LSTM},
  year = 2016,
  url =
  {https://r2rt.com/written-memories-understanding-deriving-and-extending-the-lstm.html},
  urldate = {2017-10-17},
}


